<?xml version="1.0" encoding="UTF-8"?><collection><record><leader>07034ntm a2200553 a 4500</leader><controlfield tag="001">005977498</controlfield><controlfield tag="003">MiAaHDL</controlfield><controlfield tag="005">20190719000000.0</controlfield><controlfield tag="006">m        d        </controlfield><controlfield tag="007">cr bn ---auaua</controlfield><controlfield tag="008">090331s1470    xx            00| ||ara d</controlfield><datafield tag="035" ind1=" " ind2=" "><subfield code="a">(MiU)005977498</subfield></datafield><datafield tag="035" ind1=" " ind2=" "><subfield code="a">sdr-miu005977498</subfield></datafield><datafield tag="040" ind1=" " ind2=" "><subfield code="a">MiU</subfield><subfield code="c">MiU</subfield><subfield code="e">amremm</subfield></datafield><datafield tag="043" ind1=" " ind2=" "><subfield code="a">n-us-mi</subfield></datafield><datafield tag="100" ind1="1" ind2=" "><subfield code="6">880-01</subfield><subfield code="a">Ibn Malak, ʻAbd al-Laṭīf ibn ʻAbd al-ʻAzīz.</subfield></datafield><datafield tag="245" ind1="1" ind2="0"><subfield code="6">880-03</subfield><subfield code="a">Mabāriq al-azhār fī sharḥ Mashāriq al-anwār,</subfield><subfield code="f">[875, i.e. 1470].</subfield></datafield><datafield tag="246" ind1="3" ind2=" "><subfield code="i">Edge title (tail):</subfield><subfield code="a">مبارق</subfield></datafield><datafield tag="260" ind1=" " ind2=" "><subfield code="c">[1470]</subfield></datafield><datafield tag="300" ind1=" " ind2=" "><subfield code="a">302 leaves :</subfield><subfield code="b">paper ;</subfield><subfield code="c">290 x 210 (215 x 140) mm.</subfield></datafield><datafield tag="500" ind1=" " ind2=" "><subfield code="a">Shelfmark: Ann Arbor, University of Michigan, Special Collections Library, Isl. Ms. 20</subfield></datafield><datafield tag="500" ind1=" " ind2=" "><subfield code="a">Origin: As appears in colophon on fol.302a (p.613), copied by Qār ʻAlī bin Pīr ʻAlī [?]. Transcription finished ("waqaʻa al-farāgh min hādhihi al-nuskhah al-sharīfah...") Rabīʻ II 875 [Sep-Oct 1470].</subfield></datafield><datafield tag="500" ind1=" " ind2=" "><subfield code="a">Accompanying materials: Several inserts with notes, quotations, etc. most included in pagination.</subfield></datafield><datafield tag="500" ind1=" " ind2=" "><subfield code="a">Former shelfmark: British Museum, London "No. 131. Collection of Traditions from Ibn Malik."</subfield></datafield><datafield tag="500" ind1=" " ind2=" "><subfield code="a">Binding: Pasteboards covered in light brown leather ; Type II binding (with flap) ; doublures in light brown leather ; upper and lower covers carry blind-stamped mandorla (lower cover with paper onlay) and pendants filled with floral vegetal composition (compare Déroche class OSh5) ; pendant on envelope flap ; sewn in white thread, two stations, original sewing may have been four stations ; endbands of white and dark orange, tailband lost, some remains of headband ; spine and fore-edge flap have been repaired with later leather ; fore-edge flaps with some cracks and lifting of leather ; spine covering almost entirely lost, some remains of original layer of leather and green linen lining ; loss and delamination of boards at all corners.</subfield></datafield><datafield tag="500" ind1=" " ind2=" "><subfield code="a">Support: European laid paper in at least two types ; mainly with 8 laid lines per cm. (horizontal) and chain lines spaced 45 mm. apart, with scissors watermark (compare Piccard no. 122413, Rom 1478) ; fol.9-fol.78 supplied in a different paper ; antique repairs and fills made to leaves in laid paper.</subfield></datafield><datafield tag="500" ind1=" " ind2=" "><subfield code="a">Decoration: Chapter and section headings rubricated ; text commented on overlined in red ; full use of rubrication ends part way through text.</subfield></datafield><datafield tag="500" ind1=" " ind2=" "><subfield code="a">Script: Naskh ; two main hands ; majority hand partially serifed with right-sloping head serif on alif, closed counters, pointing in distinct dots, some vowel markings ; text of fol.9-fol.78 supplied in a different hand, sans serif, with open counters, strokes rather than dots.</subfield></datafield><datafield tag="500" ind1=" " ind2=" "><subfield code="a">Layout: Written in 23 lines per page ; frame-ruled.</subfield></datafield><datafield tag="500" ind1=" " ind2=" "><subfield code="a">Collation: 9 IV (72), III (78), 4 IV (110), IV + 2 (120), 22 IV (296), III (302) ; chiefly quaternions ; catchwords present ; foliation in black ink, Hindu-Arabic numerals ; pagination in pencil, Western numerals, supplied during digitization (includes flyleaf and inserts).</subfield></datafield><datafield tag="500" ind1=" " ind2=" "><subfield code="a">Colophon: "Scribal," rectangular, reads: "تم الكتاب المزين المرفوع المودود و ربنا المحمود و له الكرم والفضل والجود الحمد لله على التمام و على رسوله و اصحابه افضل السلام وقع الفراغ من تحرير هذه النسخة الشريفة المباركة الميمونة على يد العبد الضعيف المذنب المحتاج الى رحمة ربه الحليم الرحيم الكريم قار على بن پير على غفر الله له ولوالديه واحسن اليهما واليه في اليوم الثلثاء في شهر الربيع الاخر اللهم احسن على حالي في الاول والاخر بعد مرور الاخراء من الظهر القريب الى الوقت الاخر اللهم ارزق ايمانا في الوقت الاخر اللهم ارحم لمن قال امينا امين في تاريخ سنة خمس و سبعين و ثمانية"</subfield></datafield><datafield tag="500" ind1=" " ind2=" "><subfield code="a">Explicit: "صح الروايات فيه في اول الباب التاسع تم تم"</subfield></datafield><datafield tag="500" ind1=" " ind2=" "><subfield code="a">Incipit: "الحمد لله على هدية الهداية والاسلام و عطية الدراية ولاعلام خصوصا من بيان حديث خير الانام محمد المختص بمقام على المقام عليه احاسن التحيات و اكامل الاسلام ... و بعد يقول الضعيف العويزعبد اللطيف بن عبد العزيز المعروف بابن الملك ... لما وضع وجوه المعالي [المقال؟] و صح النظر في المآل صودف العلم اعلاها منارة و منالا ... ومما صنف فيه من الكتب الفاخرة و الزبر الوافدة كتاب مشارق الانوار في صحاح الاخبار فانه مرتب بالتراتيب البديعة ... ... فصرت ادير في نفسي واستخير الله يومي وامسي ان اشرحه شرحا ... وسميته مبارق الازهار في شرح مشارق الانوار"</subfield></datafield><datafield tag="500" ind1=" " ind2=" "><subfield code="a">Title from opening on fol.1b (p.2).</subfield></datafield><datafield tag="500" ind1=" " ind2=" "><subfield code="a">Ms. codex.</subfield></datafield><datafield tag="510" ind1="4" ind2=" "><subfield code="a">Brockelmann, C. GAL,</subfield><subfield code="c">I, 360</subfield></datafield><datafield tag="520" ind1=" " ind2=" "><subfield code="a">Fine copy of the commentary by Ibn Malak on al-Ṣaghānī's ḥadīth treatise which integrates the ṣaḥīḥ of Bukhārī and the ṣaḥīḥ of Muslim as well as incorporating traditions from other collections. Description provided mainly by Sarah Mirza.</subfield></datafield><datafield tag="538" ind1=" " ind2=" "><subfield code="a">Mode of access: Internet.</subfield></datafield><datafield tag="541" ind1=" " ind2=" "><subfield code="c">Purchase ;</subfield><subfield code="a">Acquired by purchase along with Abdul Hamid Collection (funds donated by Horace Rackham).</subfield><subfield code="d">1924.</subfield></datafield><datafield tag="546" ind1=" " ind2=" "><subfield code="a">Arabic.</subfield></datafield><datafield tag="561" ind1=" " ind2=" "><subfield code="a">Bookplate of British Museum, London on interior of upper cover, "British Museum, London. No. 131. Collection of Traditions from Ibn Malik." ; circular seal impression with figure of goat/gazelle in purple ink as well as inscription "31" in Western numerals on 'title page' (p.1) ; also on 'title page' (p.1) waqf statement accompanied by octagonal seal impression, statement reads "وقفت بكتبخانه عبد الله افندي المفتي بارزنجان نمقه الفقير السيد مصطفى افندي سلامى [؟] زاده" ; numerous glosses and marginal corrections.</subfield></datafield><datafield tag="600" ind1="1" ind2="0"><subfield code="a">Ṣaghānī, al-Ḥasan ibn Muḥammad,</subfield><subfield code="d">1181-1252.</subfield><subfield code="t">Mashāriq al-anwār.</subfield></datafield><datafield tag="650" ind1=" " ind2="0"><subfield code="a">Manuscripts, Arabic</subfield><subfield code="z">Michigan</subfield><subfield code="z">Ann Arbor.</subfield></datafield><datafield tag="650" ind1=" " ind2="0"><subfield code="a">Hadith</subfield><subfield code="x">Criticism, interpretation, etc.</subfield><subfield code="v">Early works to 1800.</subfield></datafield><datafield tag="700" ind1="0" ind2=" "><subfield code="6">880-05</subfield><subfield code="a">Qār ʻAlī bin Pīr ʻAlī,</subfield><subfield code="d">fl.1470,</subfield><subfield code="e">scribe.</subfield></datafield><datafield tag="773" ind1="0" ind2=" "><subfield code="a">Tiflis Collection.</subfield></datafield><datafield tag="880" ind1="0" ind2=" "><subfield code="6">700-05/</subfield><subfield code="a">قار على بن پير على،</subfield><subfield code="e">ناسخ.</subfield></datafield><datafield tag="880" ind1="1" ind2="0"><subfield code="6">245-03/</subfield><subfield code="a">مبارق الازهار في شرح مشارق النوار,</subfield><subfield code="f">[875ه, 1470م].</subfield></datafield><datafield tag="880" ind1="1" ind2=" "><subfield code="6">100-01/</subfield><subfield code="a">ابن ملك، عبد اللطيف بن عبد العزيز.</subfield></datafield><datafield tag="CID" ind1=" " ind2=" "><subfield code="a">005977498</subfield></datafield><datafield tag="DAT" ind1="0" ind2=" "><subfield code="a">20190719102633.0</subfield><subfield code="b">20190719000000.0</subfield></datafield><datafield tag="DAT" ind1="1" ind2=" "><subfield code="a">20190719090653.0</subfield><subfield code="b">2019-07-19T16:11:07Z</subfield></datafield><datafield tag="DAT" ind1="2" ind2=" "><subfield code="a">2015-10-10T18:00:06Z</subfield></datafield><datafield tag="CAT" ind1=" " ind2=" "><subfield code="a">SDR-MIU</subfield><subfield code="d">EX LIBRIS - ALEPH</subfield><subfield code="l">prepare.pl-004-008</subfield></datafield><datafield tag="FMT" ind1=" " ind2=" "><subfield code="a">BK</subfield></datafield><datafield tag="HOL" ind1=" " ind2=" "><subfield code="0">sdr-miu005977498</subfield><subfield code="a">MiU</subfield><subfield code="b">SDR</subfield><subfield code="c">MIU</subfield><subfield code="p">mdp.39015079104991</subfield><subfield code="s">MIU</subfield><subfield code="1">005977498</subfield></datafield><datafield tag="974" ind1=" " ind2=" "><subfield code="b">MIU</subfield><subfield code="c">MIU</subfield><subfield code="d">20190719</subfield><subfield code="s">lit-dlps-dc</subfield><subfield code="u">mdp.39015079104991</subfield><subfield code="y">1470</subfield><subfield code="r">pd</subfield><subfield code="q">bib</subfield><subfield code="t">non-US bib date1 &lt; 1879</subfield></datafield></record></collection>